@inbook{digitalimageprocessing,
author = {Rafael C. Gonzalez and Richard E. Woods},
title = {Digital Image Processing},
booktitle = {Digital Image Processing},
year = {2002},
OPTpages = {416},
}

@online{baodientu-DCSVN,
author = {K.V},
title = {Đồng bằng sông Cửu Long: Sản lượng rau màu và trái cây tăng cao},
year = {2019},
url = {http://www.cpv.org.vn/kinh-te/dong-bang-song-cuu-long-san-luong-rau-mau-va-trai-cay-tang-cao-470302.html},
}

@online{bvdk-hongngoc,
title = {Quả cam – Vị thuốc bốn mùa},
year = {2019},
url = {https://hongngochospital.vn/qua-cam-vi-thuoc-bon-mua/},
}

@online{dongthaponline,
author = {Mỹ Thức},
title = {Bệnh trên cây có múi thiệt hại 260ha},
year = {2019},
url = {http://www.baodongthap.vn/giam-ngheo-ve-thong-tin-2018/benh-tren-cay-co-mui-thiet-hai-260ha-78516.aspx},
}

@online{vinhlongonline,
author = {Hưng Tân},
title = {Phát triển vườn cây có múi ở ĐBSCL: Còn nhiều nỗi lo},
year = {2019},
url = {http://www.baovinhlong.com.vn/nhip-song-dong-bang/201807/phat-trien-vuon-cay-co-mui-o-dbscl-con-nhieu-noi-lo-2902014/#.Xc-MJdFS80h},
}

@article{al2011detection,
  title={Detection and classification of leaf diseases using K-means-based segmentation and},
  author={Al Bashish, Dheeb and Braik, Malik and Bani-Ahmad, Sulieman},
  journal={Information Technology Journal},
  volume={10},
  number={2},
  pages={267--275},
  year={2011}
}

@inproceedings{weizheng2008grading,
  title={Grading method of leaf spot disease based on image processing},
  author={Weizheng, Shen and Yachun, Wu and Zhanliang, Chen and Hongda, Wei},
  booktitle={2008 international conference on computer science and software engineering},
  volume={6},
  pages={491--494},
  year={2008},
  organization={IEEE}
}

@article{ei2004integrating,
  title={Integrating diagnostic expert system with image processing via loosely coupled technique},
  author={Ei--Helly, Mohammad and Rafea, Ahmed and Ei--Gamal, Salwa and Whab, Reda Abd Ei},
  journal={Central Laboratory for Agricultural Expert System (CLAES)},
  year={2004}
}

@article{moshashai2008identification,
  title={Identification of sugarcane nodes using image processing and machine vision technology},
  author={Moshashai, K and Almasi, M and Minaei, S and Borghei, AM},
  journal={International Journal of Agricultural Research},
  volume={3},
  number={5},
  pages={357--364},
  year={2008}
}

@inproceedings{7493978,
author={ {Fu-Qiang Chen} and {Yu-Ping Zhou}},
booktitle={2015 12th International Computer Conference on Wavelet Active Media Technology and Information Processing (ICCWAMTIP)},
title={Color feature extraction of Hainan Li brocade image based on RGB and HSV},
year={2015},
volume={},
number={},
pages={214-219},
keywords={feature extraction;image colour analysis;image denoising;image enhancement;Laplace equations;mathematics computing;color feature extraction;Hainan Li brocade image;RGB;HSV;Matlab software;Laplacian operator;image enhancement;image denoising;noise pollution;gray scale;binary processing;Image color analysis;Histograms;Feature extraction;Filtering;Colored noise;Image enhancement;Color;Hainan Li Brocade;image processing;RGB;HSV;color feature},
doi={10.1109/ICCWAMTIP.2015.7493978},
ISSN={},
month={Dec},
}

@inproceedings{Li2016HistogramOO,
  title={Histogram of Oriented Gradient Based Gist Feature for Building Recognition},
  author={Bin Li and Kaili Cheng and Zhezhou Yu},
  booktitle={Comp. Int. and Neurosc.},
  year={2016}
}

@article{ILSVRC15,
Author = {Olga Russakovsky and Jia Deng and Hao Su and Jonathan Krause and Sanjeev Satheesh and Sean Ma and Zhiheng Huang and Andrej Karpathy and Aditya Khosla and Michael Bernstein and Alexander C. Berg and Li Fei-Fei},
Title = {{ImageNet Large Scale Visual Recognition Challenge}},
Year = {2015},
journal   = {International Journal of Computer Vision (IJCV)},
doi = {10.1007/s11263-015-0816-y},
volume={115},
number={3},
pages={211-252}
}

@article{lowe2004distinctive,
  title={Distinctive image features from scale-invariant keypoints},
  author={Lowe, David G},
  journal={International journal of computer vision},
  volume={60},
  number={2},
  pages={91--110},
  year={2004},
  publisher={Springer}
}

@inproceedings{dalal2005histograms,
  title={Histograms of oriented gradients for human detection},
  author={Dalal, Navneet and Triggs, Bill},
  year={2005}
}

@online{learnopencv,
author = {Satya Mallick},
title = {Histogram of Oriented Gradients},
year = {2019},
url = {https://www.learnopencv.com/histogram-of-oriented-gradients/},
}

@article{oliva2006building,
  title={Building the gist of a scene: The role of global image features in recognition},
  author={Oliva, Aude and Torralba, Antonio},
  journal={Progress in brain research},
  volume={155},
  pages={23--36},
  year={2006},
  publisher={Elsevier}
}

@article{He2015,
	author = {Kaiming He and Xiangyu Zhang and Shaoqing Ren and Jian Sun},
	title = {Deep Residual Learning for Image Recognition},
	journal = {arXiv preprint arXiv:1512.03385},
	year = {2015}
}

@inproceedings{kim12012comparing,
  title={Comparing image classification methods: K-nearest-neighbor and support-vector-machines},
  author={Kim$^1$, JINHO and Kim, BS and Savarese, Silvio},
  booktitle={Proceedings of the 6th WSEAS international conference on Computer Engineering and Applications, and Proceedings of the 2012 American conference on Applied Mathematics},
  volume={1001},
  pages={48109--2122},
  year={2012}
}

@article{scikit-image,
 title = {scikit-image: image processing in {P}ython},
 author = {van der Walt, {S}t\'efan and {S}ch\"onberger, {J}ohannes {L}. and
           {Nunez-Iglesias}, {J}uan and {B}oulogne, {F}ran\c{c}ois and {W}arner,
           {J}oshua {D}. and {Y}ager, {N}eil and {G}ouillart, {E}mmanuelle and
           {Y}u, {T}ony and the scikit-image contributors},
 year = {2014},
 month = {6},
 keywords = {Image processing, Reproducible research, Education,
             Visualization, Open source, Python, Scientific programming},
 volume = {2},
 pages = {e453},
 journal = {PeerJ},
 issn = {2167-8359},
 url = {https://doi.org/10.7717/peerj.453},
 doi = {10.7717/peerj.453}
}

@article{khang2019,
  title={{\DJ}IỂM DANH BẰNG MẶT NGƯỜI VỚI {\DJ}ẶC TRƯNG GIST V{\`A} M{\'A}Y HỌC V{\'E}CTƠ HỖ TRỢ},
  author={Khang, Phạm Nguy{\^e}n and Thư, Trần Nguyễn Minh and Nghị, {\DJ}ỗ Thanh},
  journal={PROCEEDING of Publishing House for Science and Technology},
  year={2019}
}


